<record xmlns="http://www.loc.gov/MARC21/slim" xmlns:xsi="http://www.w3.org/2001/XMLSchema-instance" xsi:schemaLocation="http://www.loc.gov/MARC21/slim http://www.loc.gov/standards/marcxml/schema/MARC21slim.xsd"><leader>01903nam a2200409   4500</leader><controlfield tag="001">1670035</controlfield><controlfield tag="003">NIC</controlfield><controlfield tag="006">m        d        </controlfield><controlfield tag="007">cr cn |||m|||a</controlfield><controlfield tag="008">150113s1924    ua      o     000 0 ara d</controlfield><datafield ind1=" " ind2=" " tag="040"><subfield code="a">NNU</subfield><subfield code="b">eng</subfield><subfield code="e">rda</subfield><subfield code="c">NNU</subfield></datafield><datafield ind1="1" ind2=" " tag="100"><subfield code="6">880-01</subfield><subfield code="a">Ibn Sahl al-Isra&#772;&#700;i&#772;li&#772;, Ibra&#772;hi&#772;m,</subfield><subfield code="d">-1251 or 1252.</subfield></datafield><datafield ind1="1" ind2="0" tag="240"><subfield code="6">880-02</subfield><subfield code="a">Di&#772;wan</subfield></datafield><datafield ind1="1" ind2="0" tag="245"><subfield code="6">880-03</subfield><subfield code="a">Di&#772;wa&#772;n Ibn Sahl al-Andalu&#772;si&#772; /</subfield><subfield code="c">jama&#699;ahu wa-rattabahu wa-d&#803;abat&#803;ahu Ah&#803;mad H&#803;asanayn al-Qarni&#772;.</subfield></datafield><datafield ind1="1" ind2="7" tag="246"><subfield code="6">880-04</subfield><subfield code="a">Ibn Sahl</subfield></datafield><datafield ind1=" " ind2=" " tag="250"><subfield code="6">880-05</subfield><subfield code="a">al-Tab&#699;ah 1.</subfield></datafield><datafield ind1=" " ind2=" " tag="260"><subfield code="6">880-06</subfield><subfield code="a">Mis&#803;r :</subfield><subfield code="b">al-Maktabah al-&#699;Arabi&#772;yah,</subfield><subfield code="c">1926.</subfield></datafield><datafield ind1=" " ind2=" " tag="300"><subfield code="a">online resource (124 pages)</subfield></datafield><datafield ind1=" " ind2=" " tag="336"><subfield code="a">text</subfield><subfield code="2">rdacontent</subfield></datafield><datafield ind1=" " ind2=" " tag="337"><subfield code="a">computer</subfield><subfield code="2">rdamedia</subfield></datafield><datafield ind1=" " ind2=" " tag="338"><subfield code="a">online resource</subfield><subfield code="2">rdacarrier</subfield></datafield><datafield ind1=" " ind2=" " tag="500"><subfield code="a">Part of the Arabic Collections Online (ACO) project, contributed by Cornell University Libraries.</subfield></datafield><datafield ind1=" " ind2=" " tag="533"><subfield code="a">Electronic reproduction.</subfield><subfield code="b">New York, N.Y. :</subfield><subfield code="c">New York University,</subfield><subfield code="d">2015.</subfield><subfield code="5">NNU</subfield></datafield><datafield ind1="1" ind2=" " tag="700"><subfield code="6">880-07</subfield><subfield code="a">Qurani&#772;, Ah&#803;mad H&#803;asanayn.</subfield></datafield><datafield ind1="2" ind2=" " tag="710"><subfield code="a">Cornell University.</subfield><subfield code="b">Libraries.</subfield></datafield><datafield ind1="0" ind2=" " tag="730"><subfield code="a">Arabic Collections Online.</subfield></datafield><datafield ind1="0" ind2="8" tag="776"><subfield code="i">Print version:</subfield><subfield code="a">Ibn Sahl al-Isra&#772;&#700;i&#772;li&#772;, Ibra&#772;hi&#772;m, -1251 or 1252.</subfield><subfield code="t">Di&#772;wa&#772;n Ibn Sahl al-Andalu&#772;si&#772;</subfield><subfield code="w">(NIC)1670035</subfield><subfield code="w">(OCoLC)37669626</subfield></datafield><datafield ind1="4" ind2="0" tag="856"><subfield code="u">http://hdl.handle.net/2333.1/sbcc2j11</subfield></datafield><datafield ind1="1" ind2=" " tag="880"><subfield code="6">100-01/r</subfield><subfield code="a">&#1575;&#1576;&#1606; &#1587;&#1607;&#1604; &#1575;&#1604;&#1573;&#1587;&#1585;&#1575;&#1574;&#1610;&#1604;&#1610;&#1548; &#1573;&#1576;&#1585;&#1575;&#1607;&#1610;&#1605;&#1548;</subfield><subfield code="d">-1251 or 1252.</subfield></datafield><datafield ind1="1" ind2="0" tag="880"><subfield code="6">240-02/r</subfield><subfield code="a">&#1571;&#1588;&#1593;&#1575;&#1585;</subfield></datafield><datafield ind1="1" ind2="0" tag="880"><subfield code="6">245-03/r</subfield><subfield code="a">&#1583;&#1610;&#1608;&#1575;&#1606; &#1575;&#1576;&#1606; &#1587;&#1607;&#1604; &#1575;&#1604;&#1571;&#1606;&#1583;&#1604;&#1587;&#1610; /</subfield><subfield code="c">&#1580;&#1605;&#1593;&#1607; &#1608;&#1585;&#1578;&#1576;&#1607; &#1608;&#1590;&#1576;&#1591;&#1607; &#1575;&#1581;&#1605;&#1583; &#1581;&#1587;&#1606;&#1610;&#1606; &#1575;&#1604;&#1602;&#1585;&#1606;&#1610;.</subfield></datafield><datafield ind1="1" ind2="7" tag="880"><subfield code="6">246-04/r</subfield><subfield code="a">&#1575;&#1576;&#1606; &#1587;&#1607;&#1604;</subfield></datafield><datafield ind1=" " ind2=" " tag="880"><subfield code="6">250-05/r</subfield><subfield code="a">&#1575;&#1604;&#1591;&#1576;&#1593;&#1577; 1.</subfield></datafield><datafield ind1=" " ind2=" " tag="880"><subfield code="6">260-06/r</subfield><subfield code="a">&#1605;&#1589;&#1585; :</subfield><subfield code="b">&#1575;&#1604;&#1605;&#1603;&#1578;&#1576;&#1577; &#1575;&#1604;&#1593;&#1585;&#1576;&#1610;&#1577;&#1548;</subfield><subfield code="c">1926.</subfield></datafield><datafield ind1="1" ind2=" " tag="880"><subfield code="6">700-07/r</subfield><subfield code="a">&#1602;&#1585;&#1606;&#1610;&#1548; &#1571;&#1581;&#1605;&#1583; &#1581;&#1587;&#1606;&#1610;&#1606;.</subfield></datafield><datafield ind1=" " ind2=" " tag="959"><subfield code="a">NNU</subfield><subfield code="b">WEB</subfield><subfield code="c">GENI</subfield><subfield code="t">0</subfield><subfield code="m">Electronic access</subfield><subfield code="s">01</subfield></datafield><datafield ind1=" " ind2=" " tag="999"><subfield code="i">NIC_1670035</subfield><subfield code="o">(OCoLC)ocm37669626</subfield></datafield></record>